<record><leader>00000cas a22000007a 4500</leader><controlfield tag="001">11375908</controlfield><controlfield tag="008">841112d18991922wiuwr ne      0   b0nor d</controlfield><datafield ind1=" " ind2=" " tag="010"><subfield code="a">sn 84024607 </subfield></datafield><datafield ind1=" " ind2=" " tag="040"><subfield code="a">NPV</subfield><subfield code="b">eng</subfield><subfield code="c">NPV</subfield><subfield code="d">MN#</subfield><subfield code="d">OCLCQ</subfield><subfield code="d">OCLCF</subfield><subfield code="d">OCLCO</subfield></datafield><datafield ind1="1" ind2=" " tag="029"><subfield code="a">AU@</subfield><subfield code="b">000020666026</subfield></datafield><datafield ind1=" " ind2=" " tag="042"><subfield code="a">msc</subfield></datafield><datafield ind1=" " ind2=" " tag="043"><subfield code="a">n-us-wi</subfield></datafield><datafield ind1=" " ind2=" " tag="045"><subfield code="a">w9x2</subfield></datafield><datafield ind1=" " ind2=" " tag="052"><subfield code="a">4203</subfield><subfield code="b">D3</subfield></datafield><datafield ind1="0" ind2=" " tag="130"><subfield code="a">Amerika (Madison, Wis.)</subfield></datafield><datafield ind1="1" ind2="0" tag="245"><subfield code="a">Amerika.</subfield></datafield><datafield ind1=" " ind2=" " tag="260"><subfield code="a">Madison, Wis. :</subfield><subfield code="b">Amerika Pub. Co.,</subfield><subfield code="c">1899-1922.</subfield></datafield><datafield ind1=" " ind2=" " tag="300"><subfield code="a">18 v. :</subfield><subfield code="b">ill.</subfield></datafield><datafield ind1=" " ind2=" " tag="310"><subfield code="a">Weekly</subfield></datafield><datafield ind1="0" ind2=" " tag="362"><subfield code="a">15de Aarg., nr. 1 (4de jan., 1899)-38te aarg., nr. 30 (28. juli, 1922).</subfield></datafield><datafield ind1=" " ind2=" " tag="521"><subfield code="a">"A weekly journal in the Norwegian language."</subfield></datafield><datafield ind1=" " ind2=" " tag="546"><subfield code="a">In Norwegian.</subfield></datafield><datafield ind1=" " ind2="0" tag="651"><subfield code="a">Madison (Minn.)</subfield><subfield code="v">Newspapers.</subfield></datafield><datafield ind1=" " ind2="7" tag="655"><subfield code="a">Newspapers.</subfield><subfield code="2">fast</subfield><subfield code="0">(OCoLC)fst01423814</subfield></datafield><datafield ind1=" " ind2="7" tag="651"><subfield code="a">Minnesota</subfield><subfield code="z">Madison.</subfield><subfield code="2">fast</subfield><subfield code="0">(OCoLC)fst01217376</subfield></datafield><datafield ind1=" " ind2=" " tag="752"><subfield code="a">United States</subfield><subfield code="b">Wisconsin</subfield><subfield code="c">Dane</subfield><subfield code="d">Madison.</subfield></datafield><datafield ind1="0" ind2="0" tag="780"><subfield code="t">Amerika og Norden</subfield><subfield code="w">(DLC)sn 84024606</subfield></datafield></record>